<?xml version="1.0" encoding="UTF-8"?><collection xmlns="http://www.loc.gov/MARC21/slim"><record><leader>00440nam--2200121-i-4500</leader><controlfield tag="001">000036852</controlfield><controlfield tag="002">20161230</controlfield><controlfield tag="005">20161230201041</controlfield><controlfield tag="008">060222s1000------------r-----000-0-eng-d</controlfield><datafield ind1=" " ind2=" " tag="080"><subfield code="a">548.4(061.3)</subfield></datafield><datafield ind1=" " ind2=" " tag="245"><subfield code="a">Point defects and their interaction with the other kind of lattice imperfections. iv international summer school on defects kakopane, poland, 18-30 june 1973</subfield></datafield><datafield ind1=" " ind2=" " tag="260"><subfield code="a">Warszawa, Pwn Polish Scientific Publ., 1974, 354p</subfield></datafield><datafield ind1=" " ind2=" " tag="852"><subfield code="a">77566</subfield></datafield></record></collection>